@UNPUBLISHED{
    bibtex.a,
    author = "Oren Patashnik",
    title = "BibTeXing",
    note = "Documentation for general BibTeX users",
    month = "February",
    language = "EN-US",
    year = 1988
}
